@inproceedings{estevez-velarde-etal-2019-automl,
  title     = {{A}uto{ML} Strategy Based on Grammatical Evolution: A Case Study about Knowledge Discovery from Text},
  author    = {Estevez-Velarde, Suilan  and
               Guti{\'e}rrez, Yoan  and
               Montoyo, Andr{\'e}s  and
               Almeida-Cruz, Yudivi{\'a}n},
  booktitle = {Proceedings of the 57th Annual Meeting of the Association for Computational Linguistics},
  month     = jul,
  year      = {2019},
  address   = {Florence, Italy},
  publisher = {Association for Computational Linguistics},
  url       = {https://aclanthology.org/P19-1428},
  doi       = {10.18653/v1/P19-1428},
  pages     = {4356--4365},
  abstract  = {The process of extracting knowledge from natural language text poses a complex problem that requires both a combination of machine learning techniques and proper feature selection. Recent advances in Automatic Machine Learning (AutoML) provide effective tools to explore large sets of algorithms, hyper-parameters and features to find out the most suitable combination of them. This paper proposes a novel AutoML strategy based on probabilistic grammatical evolution, which is evaluated on the health domain by facing the knowledge discovery challenge in Spanish text documents. Our approach achieves state-of-the-art results and provides interesting insights into the best combination of parameters and algorithms to use when dealing with this challenge. Source code is provided for the research community.}
}

@article{estevez2020general,
  title     = {General-purpose hierarchical optimisation of machine learning pipelines with grammatical evolution},
  author    = {Est{\'e}vez-Velarde, Suilan and Guti{\'e}rrez, Yoan and Almeida-Cruz, Yudivi{\'a}n and Montoyo, Andr{\'e}s},
  journal   = {Information Sciences},
  year      = {2020},
  publisher = {Elsevier},
  doi       = {10.1016/j.ins.2020.07.035}
}

@article{autoML,
  author = {Hutter, F. and Kotthoff, L. and Vanschoren, J.},
  title  = {Automated Machine Learning: Methods, Systems, Challenges. Springer},
  year   = {2018},
  doi    = {doi: 10.1007/978-3-030-05318-5}
}

@book{Hopcroft+Ullman/79/Introduction,
  added-at    = {2009-05-20T01:29:36.000+0200},
  author      = {Hopcroft, John E. and Ullman, Jeff D.},
  biburl      = {https://www.bibsonomy.org/bibtex/26f42b10773b0f97be73d4e0d6b8db3bf/sriram0339},
  description = {First cut database},
  interhash   = {0fb20598f4921085d9c5058fc8d95f00},
  intrahash   = {6f42b10773b0f97be73d4e0d6b8db3bf},
  keywords    = {imported},
  publisher   = {Addison-Wesley Publishing Company},
  timestamp   = {2009-05-20T01:29:37.000+0200},
  title       = {Introduction to Automata Theory, Languages, and Computation},
  year        = 1979
}

@online{autogoal,
  author  = {AutoGOAL},
  title   = {Sitio Oficial de la Biblioteca de Python AutoGOAL},
  year    = 2020,
  url     = {https://autogoal.github.io},
  urldate = {2022-10-20}
}


@article{estevanellhacia,
  title   = {Hacia la democratizaci{\'o}n del aprendizaje de m{\'a}quinas usando AutoGOAL Towards the Democratization of Machine Learning using AutoGOAL},
  author  = {Estevanell-Valladares, Ernesto Luis and Estevez-Velarde, Suilan and Piad-Morffis, Alejandro and Guti{\'e}rrez, Yoan and Montoyo, Andr{\'e}s},
  journal = {REVISTA CUBANA DE TRANSFORMACIÓN DIGITAL},
  volume  = 2,
  number  = 1,
  year    = 2021,
  pages   = {130-143}
}

@inproceedings{langlois2007dsl,
  title     = {DSL classification},
  author    = {Langlois, Beno{\^\i}t and Jitia, Consuela-Elena and Jouenne, Eric},
  booktitle = {OOPSLA 7th workshop on domain specific modeling},
  year      = {2007}
}


@online{hyperopt,
  author  = {Bergstra, J. and Yamins, D. and Cox, D. D.},
  title   = {Documentación oficial de  HyperOpt, Search Spaces Definition},
  year    = 2013,
  url     = {http://hyperopt.github.io/hyperopt/getting-started/search_spaces},
  urldate = {2022-10-20}
}

@online{ray,
  author  = {Ray},
  title   = {Documentación oficial de Ray,Search Space API},
  url     = {https://docs.ray.io/en/latest/tune/api_docs/search_space.html},
  urldate = {2022-10-20}
}


@online{chocolate,
  author  = {Chocolate},
  title   = {Documentación oficial de Chocolate, Search Space Representation},
  year    = 2013,
  url     = {https://chocolate.readthedocs.io/en/latest/api/space.html},
  urldate = {2022-10-20}
}

@online{optuna,
  author  = {Takuya Akiba and Shotaro Sano and Toshihiko Yanase and Takeru Ohta and Masanori Koyama},
  title   = {Documentación oficial de Optuna, Pythonic Search Space},
  year    = 2019,
  url     = {https://optuna.readthedocs.io/en/stable/tutorial/10_key_features/002_configurations.html},
  urldate = {2022-10-20}
}

@online{autogloun,
  title   = {AutoGloun},
  url     = {https://auto.gluon.ai/dev/tutorials/index.html?highlight=search%20space},
  urldate = {2022-10-20}
}

@online{autosklearn,
  author  = {Feurer, Matthias and Klein, Aaron and Eggensperger, Katharina and Springenberg, Jost and Blum, Manuel and Hutter, Frank},
  title   = {Documentación oficial de Auto-Sklearn},
  year    = 2015,
  url     = {https://automl.github.io/auto-sklearn/master/examples/80_extending/example_restrict_number_of_hyperparameters.html?highlight=hyperparamet},
  urldate = {2022-10-20}
}

@online{tpot,
  author  = {Le, Trang T and Fu, Weixuan and Moore, Jason H},
  title   = {Documentación oficial de TPOT},
  year    = 2020,
  url     = {http://epistasislab.github.io/tpot/using/#customizing-tpots-operators-and-parameters},
  urldate = {2022-10-20}
}

@online{python,
  author  = {Fred L. and Drake, Jr.},
  title   = {Documentación Oficial Online de Python},
  url     = {https://docs.python.org/3},
  urldate = {2022-10-20}
}